@article{adda2016economic,
  title={Economic activity and the spread of viral diseases: Evidence from high frequency data},
  author={Adda, J{\'e}r{\^o}me},
  journal={The Quarterly Journal of Economics},
  volume={131},
  number={2},
  pages={891--941},
  year={2016},
  publisher={MIT Press}
}

@article{akaike1974new,
  title={A new look at the statistical model identification},
  author={Akaike, Hirotugu},
  journal={IEEE transactions on automatic control},
  volume={19},
  number={6},
  pages={716--723},
  year={1974},
  publisher={IEEE}
}

@book{anderson1992infectious,
  title={Infectious diseases of humans: dynamics and control},
  author={Anderson, Roy M and May, Robert M},
  year={1992},
  publisher={Oxford University Press}
}

@online{background-nuts,
  author={Eurostat},
  title={Eurostat Regional Data Background},
  year=2020,
  url={https://ec.europa.eu/eurostat/web/regions/background},
  urldate={2020-06-11}
}

@online{bangkok2020deathrate,
  author={{Agence France-Presse}},
  title={{North Korea} issues shoot-to-kill orders to prevent virus: {US}},
  journal={{Bangkok Post}},
  year=2020,
  month=sep,
  url={https://www.bangkokpost.com/world/1983779/north-korea-issues-shoot-to-kill-orders-to-prevent-virus-us},
  urldate={2020-09-17}
}

@online{bbc2020deathrate,
  author={{BBC News}},
  title={Death rate `back to normal' in {UK}},
  year=2020,
  month=jun,
  url={https://www.bbc.com/news/health-53233066/},
  urldate={2020-07-01}
}

@online{bmj2020testaccuracy,
  author={{BMJ}},
  title={Diagnostic accuracy of serological tests for {COVID-19}: systematic review and meta-analysis},
  year=2020,
  month=jul,
  url={https://www.bmj.com/content/370/bmj.m2516/},
  urldate={2020-07-13}
}

@online{bloomberg2020AsymptomaticSpread,
  author={Sutherland, Jeff and Gretler, Corinne},
  title={{WHO} Now Says Role of Silent Virus Spreaders Remains Unclear},
  year=2020,
  month=jun,
  url={https://www.bloomberg.com/news/articles/2020-06-09/who-says-symptomless-spread-is-rare-in-jolt-to-virus-efforts},
  urldate={2020-06-18}
}

@online{bloomberg2020reinfection,
  author={{Bloomberg News}},
  title={Two {Chinese} Patients Test Positive Months After Virus Recovery},
  year=2020,
  month=aug,
  url={https://www.bloomberg.com/news/articles/2020-08-13/two-chinese-patients-test-positive-months-after-virus-recovery},
  urldate={2020-09-07}
}

@article{briz2020temperature,
  title={A spatio-temporal analysis for exploring the effect of temperature on {COVID-19} early evolution in {Spain}},
  author={Briz-Red{\'o}n, {\'A}lvaro and Serrano-Aroca, {\'A}ngel},
  journal={Science of the Total Environment},
  pages={138811},
  year={2020},
  publisher={Elsevier}
}

@article{box1976science,
  title={Science and statistics},
  author={Box, George EP},
  journal={Journal of the American Statistical Association},
  volume={71},
  number={356},
  pages={791--799},
  year={1976},
  publisher={Taylor \& Francis}
}

@article{burnham2002practical,
  title={A practical information-theoretic approach},
  author={Burnham, Kenneth P and Anderson, David R},
  journal={Model selection and multimodel inference, 2nd ed. Springer, New York},
  volume={2},
  year={2002}
}

@online{castle2020nonstationarity,
  author={Castle, Jennifer L and Doornik, Jurgen A and Hendry, David F},
  title={Short-term Forecasting of the Coronavirus Pandemic},
  year=2020,
  month=apr,
  url={https://forecasters.org/blog/2020/04/30/short-term-forecasting-of-the-coronavirus-pandemic/},
  urldate={2020-09-16}
}

@article{cuadros2020spatiotemporal,
  title={Spatiotemporal transmission dynamics of the COVID-19 pandemic and its impact on critical healthcare capacity},
  author={Cuadros, Diego F and Xiao, Yanyu and Mukandavire, Zindoga and Correa-Agudelo, Esteban and Hern{\'a}ndez, Andr{\'e}s and Kim, Hana and MacKinnon, Neil J},
  journal={Health \& place},
  volume={64},
  pages={102404},
  year={2020},
  publisher={Elsevier}
}

@online{ecdc2020riskassessment,
    author={{European Centre for Disease Prevention and Control}},
    title={Rapid risk assessment: Coronavirus disease 2019 ({COVID-19}) pandemic: increased transmission in the {EU/EEA} and the {UK} - seventh update},
    url={https://www.ecdc.europa.eu/en/publications-data/rapid-risk-assessment-coronavirus-disease-2019-covid-19-pandemic},
    year=2020,
    month=mar,
    urldate={2020-08-17}
}

@online{ecdc2020transmission,
    author={{European Centre for Disease Prevention and Control}},
    title={Transmission of {COVID-19}},
    url={https://www.ecdc.europa.eu/en/covid-19/latest-evidence/transmission},
    year=2020,
    month=jun,
    urldate={2020-09-17}
}

@online{eurostatDatabase,
  author={Eurostat},
  title={Eurostat Regional Statistics Database},
  year=2020,
  url={https://ec.europa.eu/eurostat/web/regions/data/database},
  urldate={2020-06-11}
}

@online{frasier2020tests,
  author={Frasier, Sarah Lewin},
  title={Coronavirus Antibody Tests Have a Mathematical Pitfall},
  year=2020,
  month=jun,
  journal={Scientific American},
  url={https://www.scientificamerican.com/article/coronavirus-antibody-tests-have-a-mathematical-pitfall/},
  urldate={2020-06-19}
}

@article{giuliani2020modelling,
  title={Modelling and predicting the spread of Coronavirus (COVID-19) infection in NUTS-3 Italian regions},
  author={Giuliani, Diego and Dickson, Maria Michela and Espa, Giuseppe and Santi, Flavio},
  journal={arXiv preprint arXiv:2003.06664},
  year={2020}
}

@online{google_mobility_report,
  title={Google {COVID-19} Community Mobility Reports},
  author={{Google LLC}},
  year={2020},
  url={https://www.google.com/covid19/mobility/},
  url_date={2020-07-05}
}

@article{he2020temporal,
  title={Temporal dynamics in viral shedding and transmissibility of {COVID-19}},
  author={He, Xi and Lau, Eric HY and Wu, Peng and Deng, Xilong and Wang, Jian and Hao, Xinxin and Lau, Yiu Chung and Wong, Jessica Y and Guan, Yujuan and Tan, Xinghua and others},
  journal={Nature medicine},
  volume={26},
  number={5},
  pages={672--675},
  year={2020},
  publisher={Nature Publishing Group}
}

@online{horowitz2020healthcare,
  title={Italy’s Health Care System Groans Under Coronavirus — a Warning to the World},
  year=2020,
  month=mar,
  author={Horowitz, Jason},
  url={https://www.nytimes.com/2020/03/12/world/europe/12italy-coronavirus-health-care.html},
  urldate={2020-06-11}
}

@online{hrw2020turkmenistan,
  title={Turkmenistan Denies Apparent Covid-19 Outbreak}, url={https://www.hrw.org/news/2020/06/27/turkmenistan-denies-apparent-covid-19-outbreak},
  year={2020},
  month=jun,
  author={{Human Rights Watch}},
  urldate={2020-08-19}
}

@online{issDeathSpec,
  title={Caratteristiche dei pazienti deceduti positivi all'infezione da {SARS-CoV-2} in {Italia}}, url={https://www.epicentro.iss.it/coronavirus/sars-cov-2-decessi-italia},
  year={2020},
  month=jun,
  author={{Istituto Superiore di Sanità}},
  urldate={2020-06-11}
}

@book{keeling2011modeling,
  title={Modeling infectious diseases in humans and animals},
  author={Keeling, Matt J and Rohani, Pejman},
  year={2011},
  publisher={Princeton University Press}
}

@article{kermack1927contribution,
  title={A contribution to the mathematical theory of epidemics},
  author={Kermack, William Ogilvy and McKendrick, Anderson G},
  journal={Proceedings of the Royal Society of London. Series A, Containing papers of a mathematical and physical character},
  volume={115},
  number={772},
  pages={700--721},
  year={1927},
  publisher={The Royal Society London}
}

@article{kirkcaldy2020covid,
  title={{COVID-19} and Postinfection Immunity: Limited Evidence, Many Remaining Questions},
  author={Kirkcaldy, Robert D and King, Brian A and Brooks, John T},
  journal={JAMA},
  year={2020}
}

@article{lauer2020incubation,
  title={The incubation period of coronavirus disease 2019 ({COVID-19}) from publicly reported confirmed cases: estimation and application},
  author={Lauer, Stephen A and Grantz, Kyra H and Bi, Qifang and Jones, Forrest K and Zheng, Qulu and Meredith, Hannah R and Azman, Andrew S and Reich, Nicholas G and Lessler, Justin},
  journal={Annals of internal medicine},
  volume={172},
  number={9},
  pages={577--582},
  year={2020},
  publisher={American College of Physicians}
}

@online{lepan2020historyPandemics,
  title={Visualizing the History of Pandemics}, url={https://www.visualcapitalist.com/history-of-pandemics-deadliest/},
  publisher={Visual Capitalist},
  author={LePan, Nicholas},
  year={2020},
  month=mar,
  urldate={2020-09-17}
}

@online{leung_2020,
  title={What We Know About Coronavirus Immunity and Reinfection}, url={https://time.com/5810454/coronavirus-immunity-reinfection/},
  journal={Time},
  publisher={Time Magazine},
  author={Leung, Hillary},
  year={2020},
  month=apr,
  urldate={2020-06-09}
}

@article{li2020incubation,
  title={Early transmission dynamics in {Wuhan, China}, of novel coronavirus--infected pneumonia},
  author={Li, Qun and Guan, Xuhua and Wu, Peng and Wang, Xiaoye and Zhou, Lei and Tong, Yeqing and Ren, Ruiqi and Leung, Kathy SM and Lau, Eric HY and Wong, Jessica Y and others},
  journal={New England Journal of Medicine},
  year={2020},
  publisher={Mass Medical Soc}
}

@article{li2020undocumented,
  title={Substantial undocumented infection facilitates the rapid dissemination of novel coronavirus ({SARS-CoV-2})},
  author={Li, Ruiyun and Pei, Sen and Chen, Bin and Song, Yimeng and Zhang, Tao and Yang, Wan and Shaman, Jeffrey},
  journal={Science},
  volume={368},
  number={6490},
  pages={489--493},
  year={2020},
  publisher={American Association for the Advancement of Science}
}

@article{linton2020incubation,
  title={Incubation period and other epidemiological characteristics of 2019 novel coronavirus infections with right truncation: a statistical analysis of publicly available case data},
  author={Linton, Natalie M and Kobayashi, Tetsuro and Yang, Yichi and Hayashi, Katsuma and Akhmetzhanov, Andrei R and Jung, Sung-mok and Yuan, Baoyin and Kinoshita, Ryo and Nishiura, Hiroshi},
  journal={Journal of clinical medicine},
  volume={9},
  number={2},
  pages={538},
  year={2020},
  publisher={Multidisciplinary Digital Publishing Institute}
}

@online{nebehay2020dprk,
  title={{North Korea} testing, quarantining for {COVID-19}, still says no cases: {WHO} representative},
  year=2020,
  month=apr,
  author={Nebehay, Stephanie},
  url={https://www.reuters.com/article/us-health-coronavirus-northkorea/north-korea-testing-quarantining-for-covid-19-still-says-no-cases-who-representative-idUSKBN21P3C2},
  urldate={2020-08-19}
}

@article{nightingale2020importance,
  title={The importance of saturating density dependence for predicting {SARS-CoV-2} resurgence},
  author={Nightingale, Emily and Brady, Oliver J and Yakob, Laith},
  journal={medRxiv},
  year={2020},
  publisher={Cold Spring Harbor Laboratory Press}
}

@online{otherCountriesDeathsCaccia,
  title={Coronavirus, ``il conteggio dei morti varia da paese a paese. La {Germania} esclude chi ha altre patologie''}, url={https://www.corriere.it/cronache/20_marzo_22/coronavirus-il-conteggio-morti-varia-paese-paese-germania-esclude-chi-ha-altre-patologie-6a452e6a-6c19-11ea-8403-94d97cb6fb9f_preview.shtml},
  year={2020},
  month=mar,
  author={Caccia, Fabrizio},
  urldate={2020-06-11}
}

@online{otherCountriesDeathsSevillano,
  title={Tracking the coronavirus: why does each country count deaths differently?},
  url={https://english.elpais.com/society/2020-03-30/tracking-the-coronavirus-why-does-each-country-count-deaths-differently.html},
  year={2020},
  month=mar,
  author={Sevillano, Elena},
  urldate={2020-06-11}
}

@online{papadopoulos2018chickenpox,
  author={Papadopoulos, Anthony},
  title={Chickenpox: Practice Essentials, Background, Pathophysiology},
  year=2018,
  month=jun,
  journal={Medscape},
  url={https://emedicine.medscape.com/article/1131785-overview/},
  urldate={2020-06-22}
}

@book{porta2014dictionary,
  title={A dictionary of epidemiology},
  author={Porta, Miquel},
  year={2014},
  publisher={Oxford University Press}
}

@online{RFERL2020Turkmenistan,
  author={{RFE/RL}},
  title={{COVID-19}: Hospitals Overwhelmed In `Coronavirus-Free' {Turkmenistan}},
  year={2020},
  month=sep,
  url={https://www.rferl.org/a/hospitals-overwhelmed-in-coronavirus-free-turkmenistan/30820433.html},
  urldate={2020-09-17}
}

@online{Rosini2020Github,
  author={Rosini, Umberto},
  institution={{Presidenza del Consiglio dei Ministri - Dipartimento della Protezione Civile}},
  title={{COVID-19}},
  year={2020},
  publisher={GitHub},
  journal={GitHub repository},
  url={https://github.com/pcm-dpc/COVID-19/tree/master/legacy/dati-regioni},
  urldate={2020-07-04}
}

@online{saluteR0,
  title={Coronavirus: Contagion rate {R0} below 1. Prudence needed in phase two says {ISS}}, url={http://www.salute.gov.it/portale/news/p3_2_1_1_1.jsp?lingua=italiano&menu=notizie&p=dalministero&id=4717},
  year={2020},
  month=may,
  author={{Ministero della Salute}},
  urldate={2020-06-11}
}

@online{salute10june,
  title={Covid-19, i casi in {Italia}: 10 giugno ore 18}, url={http://www.salute.gov.it/portale/nuovocoronavirus/dettaglioNotizieNuovoCoronavirus.jsp?lingua=italiano&menu=notizie&p=dalministero&id=4877},
  year={2020},
  month=jun,
  author={{Ministero della Salute}},
  urldate={2020-06-11}
}

@online{scarr2020bergamo,
  author={Scarr, Simon and Sharma, Manas},
  title={A deluge of death in northern {Italy}},
  publisher={Reuters},
  year=2020,
  month=mar,
  url={https://graphics.reuters.com/HEALTH-CORONAVIRUS-LOMBARDY/0100B5LT46P/index.html},
  urldate={2020-09-17}
}

@online{schultz2020belgiumDeathRate,
  author={Schultz, Teri},
  title={Why {Belgium}'s Death Rate Is So High: It Counts Lots Of Suspected {COVID-19} Cases},
  year=2020,
  month=apr,
  url={https://www.npr.org/sections/coronavirus-live-updates/2020/04/22/841005901/why-belgiums-death-rate-is-so-high-it-counts-lots-of-suspected-covid-19-cases},
  urldate={2020-09-15}
}

@article{schwarz1978estimating,
  title={Estimating the dimension of a model},
  author={Schwarz, Gideon and others},
  journal={The annals of statistics},
  volume={6},
  number={2},
  pages={461--464},
  year={1978},
  publisher={Institute of Mathematical Statistics}
}

@online{severgnini2020relaxLockdown,
  author={Severgnini, Chiara},
  title={Discorso di {Conte} in conferenza stampa, le riaperture dal 18 maggio: ``Corriamo un rischio calcolato''},
  year=2020,
  month=may,
  url={corriere.it/politica/20_maggio_16/discorso-conte-conferenza-stampa-oggi-decreto-18-maggio-1e810142-9785-11ea-ba09-20ae073bed63.shtml},
  urldate={2020-06-18}
}

@article{vrieze2012model,
  title={Model selection and psychological theory: a discussion of the differences between the {Akaike information criterion (AIC)} and the {Bayesian information criterion (BIC)}.},
  author={Vrieze, Scott I},
  journal={Psychological methods},
  volume={17},
  number={2},
  pages={228},
  year={2012},
  publisher={American Psychological Association}
}

@online{who2019ihr,
  author={{WHO}},
  title={What are the {International Health Regulations} and {Emergency Committees}?},
  year=2019,
  month=dec,
  url={https://www.who.int/news-room/q-a-detail/what-are-the-international-health-regulations-and-emergency-committees},
  urldate={2020-08-19}
}

@online{who2020pandemic,
  author={{WHO}},
  title={{WHO} Director-General's opening remarks at the media briefing on {COVID-19} - 11 March 2020},
  year=2020,
  month=mar,
  url={https://www.who.int/dg/speeches/detail/who-director-general-s-opening-remarks-at-the-media-briefing-on-covid-19---11-march-2020},
  urldate={2020-08-19}
}

@online{who2020pheic,
  author={{WHO}},
  title={Statement on the second meeting of the {International Health Regulations (2005) Emergency Committee} regarding the outbreak of novel coronavirus ({2019-nCoV})},
  year=2020,
  month=jan,
  url={https://www.who.int/news-room/detail/30-01-2020-statement-on-the-second-meeting-of-the-international-health-regulations-(2005)-emergency-committee-regarding-the-outbreak-of-novel-coronavirus-(2019-ncov)},
  urldate={2020-08-19}
}

@online{worldometer2020italypopulation,
  author={{Worldometer}},
  title={Italy Population},
  year=2020,
  url={https://www.worldometers.info/world-population/italy-population/},
  urldate={2020-08-03}
}
